@inproceedings{Duran1981,
	title        = {A report on random testing},
	author       = {Duran, Joe W and Ntafos, Simeon},
	year         = 1981,
	booktitle    = {5th International Conference on Software Engineering},
	location     = {San Diego, California, USA},
	publisher    = {IEEE Press},
	volume       = 81,
	pages        = {179--183}
}
@article{hantler1976,
	title        = {An Introduction to Proving the Correctness of Programs},
	author       = {Hantler, Sidney L. and King, James C.},
	year         = 1976,
	journal      = {ACM Comput. Surv.},
	volume       = 8,
	number       = 3,
	pages        = {331--353}
}

@book{Deza2009,
	title        = {{Encyclopedia of distances}},
	author       = {Deza, Michel Marie and Deza, Elena},
	year         = 2009,
	booktitle    = {Encyclopedia of Distances},
	publisher    = {Springer Berlin Heidelberg}
}